

@article{mehr20165,
  title={For 5-month-old infants, melodies are social},
  author={Mehr, Samuel A and Song, Lee Ann and Spelke, Elizabeth S},
  journal={Psychological Science},
  volume={27},
  number={4},
  pages={486--501},
  year={2016},
  publisher={Sage Publications Sage CA: Los Angeles, CA}
}
